@inproceedings{pang2002thumbs,
  title={Thumbs up?: sentiment classification using machine learning techniques},
  author={Pang, Bo and Lee, Lillian and Vaithyanathan, Shivakumar},
  booktitle={Proceedings of the ACL-02 conference on Empirical methods in natural language processing-Volume 10},
  pages={79--86},
  year={2002},
  organization={Association for Computational Linguistics}
}

@inproceedings{go2009twitter,
  title={Twitter sentiment classification using distant supervision},
  author={Go, Alec and Bhayani, Richa and Huang, Lei},
  booktitle={CS224N project report, Stanford},
  volume={1},
  number={12},
  pages={2009},
  year={2009}
}

@inproceedings{hutto2014vader,
  title={Vader: A parsimonious rule-based model for sentiment analysis of social media text},
  author={Hutto, C.J. and Gilbert, Eric},
  booktitle={Proceedings of the international AAAI conference on web and social media},
  volume={8},
  number={1},
  pages={216--225},
  year={2014}
}

@misc{loria2018textblob,
  title={Textblob documentation},
  author={Loria, Steven and others},
  year={2018},
  howpublished={\url{https://textblob.readthedocs.io/}}
}

@inproceedings{zhang2015character,
  title={Character-level convolutional networks for text classification},
  author={Zhang, Xiang and Zhao, Junbo and LeCun, Yann},
  booktitle={Advances in neural information processing systems},
  volume={28},
  year={2015}
}

@inproceedings{kim2014convolutional,
  title={Convolutional neural networks for sentence classification},
  author={Kim, Yoon},
  booktitle={Proceedings of the 2014 conference on empirical methods in natural language processing (EMNLP)},
  pages={1746--1751},
  year={2014}
}

@article{yin2017comparative,
  title={Comparative study of cnn and rnn for natural language processing},
  author={Yin, Wenpeng and Kann, Katharina and Yu, Mo and Sch{\"u}tze, Hinrich},
  journal={arXiv preprint arXiv:1702.01923},
  year={2017}
}

@article{hochreiter1997long,
  title={Long short-term memory},
  author={Hochreiter, Sepp and Schmidhuber, J{\"u}rgen},
  journal={Neural computation},
  volume={9},
  number={8},
  pages={1735--1780},
  year={1997},
  publisher={MIT Press}
}

@inproceedings{wang2016ataelstm,
  title={Attention-based LSTM for aspect-level sentiment classification},
  author={Wang, Yequan and Huang, Minlie and Zhao, Li and Zhu, Xiaoyan},
  booktitle={Proceedings of the 2016 conference on empirical methods in natural language processing},
  pages={606--615},
  year={2016}
}

@article{cho2014learning,
  title={Learning phrase representations using RNN encoder-decoder for statistical machine translation},
  author={Cho, Kyunghyun and Van Merri{\"e}nboer, Bart and Gulcehre, Caglar and Bahdanau, Dzmitry and Bougares, Fethi and Schwenk, Holger and Bengio, Yoshua},
  journal={arXiv preprint arXiv:1406.1078},
  year={2014}
}

@article{chung2014empirical,
  title={Empirical evaluation of gated recurrent neural networks on sequence modeling},
  author={Chung, Junyoung and Gulcehre, Caglar and Cho, KyungHyun and Bengio, Yoshua},
  journal={arXiv preprint arXiv:1412.3555},
  year={2014}
}

@article{schuster1997bidirectional,
  title={Bidirectional recurrent neural networks},
  author={Schuster, Mike and Paliwal, Kuldip K.},
  journal={IEEE transactions on Signal Processing},
  volume={45},
  number={11},
  pages={2673--2681},
  year={1997},
  publisher={IEEE}
}

@inproceedings{brahmbhatt2019comparative,
  title={A comparative study of different deep learning architectures for sentiment analysis},
  author={Brahmbhatt, SkillPundit and Chandra, Rajesh and Galiyawala, Hiren},
  booktitle={2019 International Conference on Data Science and Engineering (ICDSE)},
  pages={1--6},
  year={2019},
  organization={IEEE}
}

@inproceedings{devlin2019bert,
  title={Bert: Pre-training of deep bidirectional transformers for language understanding},
  author={Devlin, Jacob and Chang, Ming-Wei and Lee, Kenton and Toutanova, Kristina},
  booktitle={Proceedings of the 2019 Conference of the North American Chapter of the Association for Computational Linguistics: Human Language Technologies, Volume 1 (Long and Short Papers)},
  pages={4171--4186},
  year={2019}
}

@article{article,
author = {Albladi, Aish and Islam, Minarul and Seals, Cheryl},
year = {2025},
month = {01},
pages = {1-1},
title = {Sentiment Analysis of Twitter Data Using NLP Models: A Comprehensive Review},
volume = {PP},
journal = {IEEE Access},
doi = {10.1109/ACCESS.2025.3541494}
}

@inproceedings{nguyen2020bertweet,
  title={BERTweet: A pre-trained language model for English Tweets},
  author={Nguyen, Dat Quoc and Vu, Thanh and Nguyen, Anh Tuan},
  booktitle={Proceedings of the 2020 Conference on Empirical Methods in Natural Language Processing: System Demonstrations},
  pages={9--14},
  year={2020}
}
@misc{twitter_dataset,
  title = {Twitter Entity Sentiment Analysis Dataset},
  author = {{Kaggle}},
  howpublished = {\url{https://www.kaggle.com/datasets/jp797498e/twitter-entity-sentiment-analysis}},
  note = {Accessed: 2025-06-03}
}

@inproceedings{camacho-collados-etal-2022-tweetnlp,
    title = "{T}weet{NLP}: Cutting-Edge Natural Language Processing for Social Media",
    author = "Camacho-collados, Jose  and
      Rezaee, Kiamehr  and
      Riahi, Talayeh  and
      Ushio, Asahi  and
      Loureiro, Daniel  and
      Antypas, Dimosthenis  and
      Boisson, Joanne  and
      Espinosa Anke, Luis  and
      Liu, Fangyu  and
      Mart{\'\i}nez C{\'a}mara, Eugenio and others",
    booktitle = "Proceedings of the 2022 Conference on Empirical Methods in Natural Language Processing: System Demonstrations",
    month = dec,
    year = "2022",
    address = "Abu Dhabi, UAE",
    publisher = "Association for Computational Linguistics",
    url = "https://aclanthology.org/2022.emnlp-demos.5",
    pages = "38--49"
}

@article{costa2021image,
  author    = {Costa, J. and Silva, J. and Santos, F.},
  title     = {Learning with Support Vector Machine for Depression Detection on Twitter},
  journal   = {Acotb},
  volume    = {11},
  number    = {1},
  pages     = {22--31},
  year      = {2021},
  url       = {https://periodicos.univali.br/index.php/acotb/article/view/17388}
}

@article{zhou2017systematic,
  author    = {Zhou, P. and Qi, M. and Zheng, J. and Xu, H. and Bao, L. and Yang, Y.},
  title     = {A Systematic Comparison of Convolutional Neural Networks and Recurrent Neural Networks for Text Classification},
  journal   = {arXiv preprint arXiv:1702.01923},
  year      = {2017},
  eprint    = {1702.01923},
  archivePrefix = {arXiv},
  primaryClass  = {cs.CL}
}

@misc{prabhakar2024sentiment,
  author    = {Prabhakar, M. M. and Rao, K. D.},
  title     = {Sentiment Analysis of Twitter data using NLP Models: A Comprehensive Review},
  year      = {2024},
  howpublished = {ResearchGate preprint}
}
